
@article{ring1997child,
  title={CHILD: A first step towards continual learning},
  author={Ring, Mark B},
  journal={Machine Learning},
  volume={28},
  number={1},
  pages={77--104},
  year={1997},
  publisher={Springer}
}

@article{tamar2016learning,
  title={Learning the variance of the reward-to-go},
  author={Tamar, Aviv and Di Castro, Dotan and Mannor, Shie},
  journal={Journal of Machine Learning Research},
  volume={17},
  number={13},
  pages={1--36},
  year={2016}
}

@inproceedings{sherstan2018comparing,
  title={Comparing Direct and Indirect Temporal-Difference Methods for Estimating the Variance of the Return},
  author={Sherstan, Craig and Ashley, Dylan R and Bennett, Brendan and Young, Kenny and White, Adam and White, Martha and Sutton, Richard S},
  booktitle={34th Conference on Uncertainty in Artificial Intelligence},
  year={2018}
}

@inproceedings{white2014surprise,
  title={Surprise and curiosity for big data robotics},
  author={White, Adam and Modayil, Joseph and Sutton, Richard S},
  booktitle={AAAI-14 Workshop on Sequential Decision-Making with Big Data, Quebec City, Quebec, Canada},
  year={2014}
}

@inproceedings{white2016greedy,
  title={A greedy approach to adapting the trace parameter for temporal difference learning},
  author={White, Martha and White, Adam},
  booktitle={{International Conference on Autonomous Agents \& Multiagent Systems (AAMAS)}},
  pages={557--565},
  year={2016}
}
